@article{AFx3,
    author  = "Andrea Franceschi",
    title   = "Rust programming",
    year    = "2024",
}
